%YAML 1.1
%TAG !u! tag:unity3d.com,2011:
--- !u!1 &4626335643339168560
GameObject:
  m_ObjectHideFlags: 0
  m_CorrespondingSourceObject: {fileID: 0}
  m_PrefabInstance: {fileID: 0}
  m_PrefabAsset: {fileID: 0}
  serializedVersion: 6
  m_Component:
  - component: {fileID: 4487875688747382931}
  m_Layer: 0
  m_Name: Claster 33
  m_TagString: claster
  m_Icon: {fileID: 0}
  m_NavMeshLayer: 0
  m_StaticEditorFlags: 0
  m_IsActive: 1
--- !u!4 &4487875688747382931
Transform:
  m_ObjectHideFlags: 0
  m_CorrespondingSourceObject: {fileID: 0}
  m_PrefabInstance: {fileID: 0}
  m_PrefabAsset: {fileID: 0}
  m_GameObject: {fileID: 4626335643339168560}
  m_LocalRotation: {x: 0, y: 0, z: 0, w: 1}
  m_LocalPosition: {x: 0.6165219, y: 6.7155147, z: -0.1015625}
  m_LocalScale: {x: 1, y: 1, z: 1}
  m_Children:
  - {fileID: 6896179047012599675}
  - {fileID: 6818713989780816842}
  - {fileID: 3253798174534317399}
  m_Father: {fileID: 0}
  m_RootOrder: 0
  m_LocalEulerAnglesHint: {x: 0, y: 0, z: 0}
--- !u!1001 &3504626677444235254
PrefabInstance:
  m_ObjectHideFlags: 0
  serializedVersion: 2
  m_Modification:
    m_TransformParent: {fileID: 4487875688747382931}
    m_Modifications:
    - target: {fileID: 728869547347473798, guid: 78f24aa8b88f4ce4d8eff3aff7a65a72,
        type: 3}
      propertyPath: m_Name
      value: Asteroids
      objectReference: {fileID: 0}
    - target: {fileID: 8004806575691024525, guid: 78f24aa8b88f4ce4d8eff3aff7a65a72,
        type: 3}
      propertyPath: m_LocalPosition.x
      value: 0
      objectReference: {fileID: 0}
    - target: {fileID: 8004806575691024525, guid: 78f24aa8b88f4ce4d8eff3aff7a65a72,
        type: 3}
      propertyPath: m_LocalPosition.y
      value: 0
      objectReference: {fileID: 0}
    - target: {fileID: 8004806575691024525, guid: 78f24aa8b88f4ce4d8eff3aff7a65a72,
        type: 3}
      propertyPath: m_LocalPosition.z
      value: 0
      objectReference: {fileID: 0}
    - target: {fileID: 8004806575691024525, guid: 78f24aa8b88f4ce4d8eff3aff7a65a72,
        type: 3}
      propertyPath: m_LocalRotation.x
      value: -0
      objectReference: {fileID: 0}
    - target: {fileID: 8004806575691024525, guid: 78f24aa8b88f4ce4d8eff3aff7a65a72,
        type: 3}
      propertyPath: m_LocalRotation.y
      value: -0
      objectReference: {fileID: 0}
    - target: {fileID: 8004806575691024525, guid: 78f24aa8b88f4ce4d8eff3aff7a65a72,
        type: 3}
      propertyPath: m_LocalRotation.z
      value: -0
      objectReference: {fileID: 0}
    - target: {fileID: 8004806575691024525, guid: 78f24aa8b88f4ce4d8eff3aff7a65a72,
        type: 3}
      propertyPath: m_LocalRotation.w
      value: 1
      objectReference: {fileID: 0}
    - target: {fileID: 8004806575691024525, guid: 78f24aa8b88f4ce4d8eff3aff7a65a72,
        type: 3}
      propertyPath: m_RootOrder
      value: 0
      objectReference: {fileID: 0}
    - target: {fileID: 8004806575691024525, guid: 78f24aa8b88f4ce4d8eff3aff7a65a72,
        type: 3}
      propertyPath: m_LocalEulerAnglesHint.x
      value: 0
      objectReference: {fileID: 0}
    - target: {fileID: 8004806575691024525, guid: 78f24aa8b88f4ce4d8eff3aff7a65a72,
        type: 3}
      propertyPath: m_LocalEulerAnglesHint.y
      value: 0
      objectReference: {fileID: 0}
    - target: {fileID: 8004806575691024525, guid: 78f24aa8b88f4ce4d8eff3aff7a65a72,
        type: 3}
      propertyPath: m_LocalEulerAnglesHint.z
      value: 0
      objectReference: {fileID: 0}
    m_RemovedComponents: []
  m_SourcePrefab: {fileID: 100100000, guid: 78f24aa8b88f4ce4d8eff3aff7a65a72, type: 3}
--- !u!4 &6896179047012599675 stripped
Transform:
  m_CorrespondingSourceObject: {fileID: 8004806575691024525, guid: 78f24aa8b88f4ce4d8eff3aff7a65a72,
    type: 3}
  m_PrefabInstance: {fileID: 3504626677444235254}
  m_PrefabAsset: {fileID: 0}
--- !u!1001 &3507303338016671846
PrefabInstance:
  m_ObjectHideFlags: 0
  serializedVersion: 2
  m_Modification:
    m_TransformParent: {fileID: 4487875688747382931}
    m_Modifications:
    - target: {fileID: 7929855922688084905, guid: d9d219a68d2ce1e45be5831ca0ce53fd,
        type: 3}
      propertyPath: m_Name
      value: Asteroid
      objectReference: {fileID: 0}
    - target: {fileID: 7929855922688084908, guid: d9d219a68d2ce1e45be5831ca0ce53fd,
        type: 3}
      propertyPath: m_LocalPosition.x
      value: -3
      objectReference: {fileID: 0}
    - target: {fileID: 7929855922688084908, guid: d9d219a68d2ce1e45be5831ca0ce53fd,
        type: 3}
      propertyPath: m_LocalPosition.y
      value: 0
      objectReference: {fileID: 0}
    - target: {fileID: 7929855922688084908, guid: d9d219a68d2ce1e45be5831ca0ce53fd,
        type: 3}
      propertyPath: m_LocalPosition.z
      value: 0
      objectReference: {fileID: 0}
    - target: {fileID: 7929855922688084908, guid: d9d219a68d2ce1e45be5831ca0ce53fd,
        type: 3}
      propertyPath: m_LocalRotation.x
      value: -0
      objectReference: {fileID: 0}
    - target: {fileID: 7929855922688084908, guid: d9d219a68d2ce1e45be5831ca0ce53fd,
        type: 3}
      propertyPath: m_LocalRotation.y
      value: -0
      objectReference: {fileID: 0}
    - target: {fileID: 7929855922688084908, guid: d9d219a68d2ce1e45be5831ca0ce53fd,
        type: 3}
      propertyPath: m_LocalRotation.z
      value: -0
      objectReference: {fileID: 0}
    - target: {fileID: 7929855922688084908, guid: d9d219a68d2ce1e45be5831ca0ce53fd,
        type: 3}
      propertyPath: m_LocalRotation.w
      value: 1
      objectReference: {fileID: 0}
    - target: {fileID: 7929855922688084908, guid: d9d219a68d2ce1e45be5831ca0ce53fd,
        type: 3}
      propertyPath: m_RootOrder
      value: 1
      objectReference: {fileID: 0}
    - target: {fileID: 7929855922688084908, guid: d9d219a68d2ce1e45be5831ca0ce53fd,
        type: 3}
      propertyPath: m_LocalEulerAnglesHint.x
      value: 0
      objectReference: {fileID: 0}
    - target: {fileID: 7929855922688084908, guid: d9d219a68d2ce1e45be5831ca0ce53fd,
        type: 3}
      propertyPath: m_LocalEulerAnglesHint.y
      value: 0
      objectReference: {fileID: 0}
    - target: {fileID: 7929855922688084908, guid: d9d219a68d2ce1e45be5831ca0ce53fd,
        type: 3}
      propertyPath: m_LocalEulerAnglesHint.z
      value: 0
      objectReference: {fileID: 0}
    m_RemovedComponents: []
  m_SourcePrefab: {fileID: 100100000, guid: d9d219a68d2ce1e45be5831ca0ce53fd, type: 3}
--- !u!4 &6818713989780816842 stripped
Transform:
  m_CorrespondingSourceObject: {fileID: 7929855922688084908, guid: d9d219a68d2ce1e45be5831ca0ce53fd,
    type: 3}
  m_PrefabInstance: {fileID: 3507303338016671846}
  m_PrefabAsset: {fileID: 0}
--- !u!1001 &7660431978628294080
PrefabInstance:
  m_ObjectHideFlags: 0
  serializedVersion: 2
  m_Modification:
    m_TransformParent: {fileID: 4487875688747382931}
    m_Modifications:
    - target: {fileID: 4709424172612369418, guid: e35d2165d380c5e4f9d8e25cf2b1581b,
        type: 3}
      propertyPath: m_Name
      value: Stars
      objectReference: {fileID: 0}
    - target: {fileID: 5145506056440385687, guid: e35d2165d380c5e4f9d8e25cf2b1581b,
        type: 3}
      propertyPath: m_LocalPosition.x
      value: 3
      objectReference: {fileID: 0}
    - target: {fileID: 5145506056440385687, guid: e35d2165d380c5e4f9d8e25cf2b1581b,
        type: 3}
      propertyPath: m_LocalPosition.y
      value: 0
      objectReference: {fileID: 0}
    - target: {fileID: 5145506056440385687, guid: e35d2165d380c5e4f9d8e25cf2b1581b,
        type: 3}
      propertyPath: m_LocalPosition.z
      value: 0
      objectReference: {fileID: 0}
    - target: {fileID: 5145506056440385687, guid: e35d2165d380c5e4f9d8e25cf2b1581b,
        type: 3}
      propertyPath: m_LocalRotation.x
      value: -0
      objectReference: {fileID: 0}
    - target: {fileID: 5145506056440385687, guid: e35d2165d380c5e4f9d8e25cf2b1581b,
        type: 3}
      propertyPath: m_LocalRotation.y
      value: -0
      objectReference: {fileID: 0}
    - target: {fileID: 5145506056440385687, guid: e35d2165d380c5e4f9d8e25cf2b1581b,
        type: 3}
      propertyPath: m_LocalRotation.z
      value: -0
      objectReference: {fileID: 0}
    - target: {fileID: 5145506056440385687, guid: e35d2165d380c5e4f9d8e25cf2b1581b,
        type: 3}
      propertyPath: m_LocalRotation.w
      value: 1
      objectReference: {fileID: 0}
    - target: {fileID: 5145506056440385687, guid: e35d2165d380c5e4f9d8e25cf2b1581b,
        type: 3}
      propertyPath: m_RootOrder
      value: 2
      objectReference: {fileID: 0}
    - target: {fileID: 5145506056440385687, guid: e35d2165d380c5e4f9d8e25cf2b1581b,
        type: 3}
      propertyPath: m_LocalEulerAnglesHint.x
      value: 0
      objectReference: {fileID: 0}
    - target: {fileID: 5145506056440385687, guid: e35d2165d380c5e4f9d8e25cf2b1581b,
        type: 3}
      propertyPath: m_LocalEulerAnglesHint.y
      value: 0
      objectReference: {fileID: 0}
    - target: {fileID: 5145506056440385687, guid: e35d2165d380c5e4f9d8e25cf2b1581b,
        type: 3}
      propertyPath: m_LocalEulerAnglesHint.z
      value: 0
      objectReference: {fileID: 0}
    m_RemovedComponents: []
  m_SourcePrefab: {fileID: 100100000, guid: e35d2165d380c5e4f9d8e25cf2b1581b, type: 3}
--- !u!4 &3253798174534317399 stripped
Transform:
  m_CorrespondingSourceObject: {fileID: 5145506056440385687, guid: e35d2165d380c5e4f9d8e25cf2b1581b,
    type: 3}
  m_PrefabInstance: {fileID: 7660431978628294080}
  m_PrefabAsset: {fileID: 0}
