%YAML 1.1
%TAG !u! tag:unity3d.com,2011:
--- !u!1 &8788597151232679749
GameObject:
  m_ObjectHideFlags: 0
  m_CorrespondingSourceObject: {fileID: 0}
  m_PrefabInstance: {fileID: 0}
  m_PrefabAsset: {fileID: 0}
  serializedVersion: 6
  m_Component:
  - component: {fileID: 543658348376521958}
  m_Layer: 0
  m_Name: Claster 39
  m_TagString: claster
  m_Icon: {fileID: 0}
  m_NavMeshLayer: 0
  m_StaticEditorFlags: 0
  m_IsActive: 1
--- !u!4 &543658348376521958
Transform:
  m_ObjectHideFlags: 0
  m_CorrespondingSourceObject: {fileID: 0}
  m_PrefabInstance: {fileID: 0}
  m_PrefabAsset: {fileID: 0}
  m_GameObject: {fileID: 8788597151232679749}
  m_LocalRotation: {x: 0, y: 0, z: 0, w: 1}
  m_LocalPosition: {x: 0, y: 0, z: 0}
  m_LocalScale: {x: 1, y: 1, z: 1}
  m_Children:
  - {fileID: 4578214949554940091}
  - {fileID: 7386079835620577673}
  - {fileID: 7991155524039765664}
  m_Father: {fileID: 0}
  m_RootOrder: 0
  m_LocalEulerAnglesHint: {x: 0, y: 0, z: 0}
--- !u!1001 &1118438361330274788
PrefabInstance:
  m_ObjectHideFlags: 0
  serializedVersion: 2
  m_Modification:
    m_TransformParent: {fileID: 543658348376521958}
    m_Modifications:
    - target: {fileID: 1691652863790834638, guid: 9745c048f1d2ff34ba54d5b76f361644,
        type: 3}
      propertyPath: m_Name
      value: Asteroid-2
      objectReference: {fileID: 0}
    - target: {fileID: 7567698538635051117, guid: 9745c048f1d2ff34ba54d5b76f361644,
        type: 3}
      propertyPath: m_LocalPosition.x
      value: 3
      objectReference: {fileID: 0}
    - target: {fileID: 7567698538635051117, guid: 9745c048f1d2ff34ba54d5b76f361644,
        type: 3}
      propertyPath: m_LocalPosition.y
      value: 0
      objectReference: {fileID: 0}
    - target: {fileID: 7567698538635051117, guid: 9745c048f1d2ff34ba54d5b76f361644,
        type: 3}
      propertyPath: m_LocalPosition.z
      value: 0
      objectReference: {fileID: 0}
    - target: {fileID: 7567698538635051117, guid: 9745c048f1d2ff34ba54d5b76f361644,
        type: 3}
      propertyPath: m_LocalRotation.x
      value: -0
      objectReference: {fileID: 0}
    - target: {fileID: 7567698538635051117, guid: 9745c048f1d2ff34ba54d5b76f361644,
        type: 3}
      propertyPath: m_LocalRotation.y
      value: -0
      objectReference: {fileID: 0}
    - target: {fileID: 7567698538635051117, guid: 9745c048f1d2ff34ba54d5b76f361644,
        type: 3}
      propertyPath: m_LocalRotation.z
      value: -0
      objectReference: {fileID: 0}
    - target: {fileID: 7567698538635051117, guid: 9745c048f1d2ff34ba54d5b76f361644,
        type: 3}
      propertyPath: m_LocalRotation.w
      value: 1
      objectReference: {fileID: 0}
    - target: {fileID: 7567698538635051117, guid: 9745c048f1d2ff34ba54d5b76f361644,
        type: 3}
      propertyPath: m_RootOrder
      value: 1
      objectReference: {fileID: 0}
    - target: {fileID: 7567698538635051117, guid: 9745c048f1d2ff34ba54d5b76f361644,
        type: 3}
      propertyPath: m_LocalEulerAnglesHint.x
      value: 0
      objectReference: {fileID: 0}
    - target: {fileID: 7567698538635051117, guid: 9745c048f1d2ff34ba54d5b76f361644,
        type: 3}
      propertyPath: m_LocalEulerAnglesHint.y
      value: 0
      objectReference: {fileID: 0}
    - target: {fileID: 7567698538635051117, guid: 9745c048f1d2ff34ba54d5b76f361644,
        type: 3}
      propertyPath: m_LocalEulerAnglesHint.z
      value: 0
      objectReference: {fileID: 0}
    m_RemovedComponents: []
  m_SourcePrefab: {fileID: 100100000, guid: 9745c048f1d2ff34ba54d5b76f361644, type: 3}
--- !u!4 &7386079835620577673 stripped
Transform:
  m_CorrespondingSourceObject: {fileID: 7567698538635051117, guid: 9745c048f1d2ff34ba54d5b76f361644,
    type: 3}
  m_PrefabInstance: {fileID: 1118438361330274788}
  m_PrefabAsset: {fileID: 0}
--- !u!1001 &2994554979014573623
PrefabInstance:
  m_ObjectHideFlags: 0
  serializedVersion: 2
  m_Modification:
    m_TransformParent: {fileID: 543658348376521958}
    m_Modifications:
    - target: {fileID: 4709424172612369418, guid: e35d2165d380c5e4f9d8e25cf2b1581b,
        type: 3}
      propertyPath: m_Name
      value: Stars
      objectReference: {fileID: 0}
    - target: {fileID: 5145506056440385687, guid: e35d2165d380c5e4f9d8e25cf2b1581b,
        type: 3}
      propertyPath: m_LocalPosition.x
      value: -3
      objectReference: {fileID: 0}
    - target: {fileID: 5145506056440385687, guid: e35d2165d380c5e4f9d8e25cf2b1581b,
        type: 3}
      propertyPath: m_LocalPosition.y
      value: 0
      objectReference: {fileID: 0}
    - target: {fileID: 5145506056440385687, guid: e35d2165d380c5e4f9d8e25cf2b1581b,
        type: 3}
      propertyPath: m_LocalPosition.z
      value: 0
      objectReference: {fileID: 0}
    - target: {fileID: 5145506056440385687, guid: e35d2165d380c5e4f9d8e25cf2b1581b,
        type: 3}
      propertyPath: m_LocalRotation.x
      value: -0
      objectReference: {fileID: 0}
    - target: {fileID: 5145506056440385687, guid: e35d2165d380c5e4f9d8e25cf2b1581b,
        type: 3}
      propertyPath: m_LocalRotation.y
      value: -0
      objectReference: {fileID: 0}
    - target: {fileID: 5145506056440385687, guid: e35d2165d380c5e4f9d8e25cf2b1581b,
        type: 3}
      propertyPath: m_LocalRotation.z
      value: -0
      objectReference: {fileID: 0}
    - target: {fileID: 5145506056440385687, guid: e35d2165d380c5e4f9d8e25cf2b1581b,
        type: 3}
      propertyPath: m_LocalRotation.w
      value: 1
      objectReference: {fileID: 0}
    - target: {fileID: 5145506056440385687, guid: e35d2165d380c5e4f9d8e25cf2b1581b,
        type: 3}
      propertyPath: m_RootOrder
      value: 2
      objectReference: {fileID: 0}
    - target: {fileID: 5145506056440385687, guid: e35d2165d380c5e4f9d8e25cf2b1581b,
        type: 3}
      propertyPath: m_LocalEulerAnglesHint.x
      value: 0
      objectReference: {fileID: 0}
    - target: {fileID: 5145506056440385687, guid: e35d2165d380c5e4f9d8e25cf2b1581b,
        type: 3}
      propertyPath: m_LocalEulerAnglesHint.y
      value: 0
      objectReference: {fileID: 0}
    - target: {fileID: 5145506056440385687, guid: e35d2165d380c5e4f9d8e25cf2b1581b,
        type: 3}
      propertyPath: m_LocalEulerAnglesHint.z
      value: 0
      objectReference: {fileID: 0}
    m_RemovedComponents: []
  m_SourcePrefab: {fileID: 100100000, guid: e35d2165d380c5e4f9d8e25cf2b1581b, type: 3}
--- !u!4 &7991155524039765664 stripped
Transform:
  m_CorrespondingSourceObject: {fileID: 5145506056440385687, guid: e35d2165d380c5e4f9d8e25cf2b1581b,
    type: 3}
  m_PrefabInstance: {fileID: 2994554979014573623}
  m_PrefabAsset: {fileID: 0}
--- !u!1001 &5809607330624217142
PrefabInstance:
  m_ObjectHideFlags: 0
  serializedVersion: 2
  m_Modification:
    m_TransformParent: {fileID: 543658348376521958}
    m_Modifications:
    - target: {fileID: 728869547347473798, guid: 78f24aa8b88f4ce4d8eff3aff7a65a72,
        type: 3}
      propertyPath: m_Name
      value: Asteroids
      objectReference: {fileID: 0}
    - target: {fileID: 8004806575691024525, guid: 78f24aa8b88f4ce4d8eff3aff7a65a72,
        type: 3}
      propertyPath: m_LocalPosition.x
      value: 0
      objectReference: {fileID: 0}
    - target: {fileID: 8004806575691024525, guid: 78f24aa8b88f4ce4d8eff3aff7a65a72,
        type: 3}
      propertyPath: m_LocalPosition.y
      value: 0
      objectReference: {fileID: 0}
    - target: {fileID: 8004806575691024525, guid: 78f24aa8b88f4ce4d8eff3aff7a65a72,
        type: 3}
      propertyPath: m_LocalPosition.z
      value: 0
      objectReference: {fileID: 0}
    - target: {fileID: 8004806575691024525, guid: 78f24aa8b88f4ce4d8eff3aff7a65a72,
        type: 3}
      propertyPath: m_LocalRotation.x
      value: -0
      objectReference: {fileID: 0}
    - target: {fileID: 8004806575691024525, guid: 78f24aa8b88f4ce4d8eff3aff7a65a72,
        type: 3}
      propertyPath: m_LocalRotation.y
      value: -0
      objectReference: {fileID: 0}
    - target: {fileID: 8004806575691024525, guid: 78f24aa8b88f4ce4d8eff3aff7a65a72,
        type: 3}
      propertyPath: m_LocalRotation.z
      value: -0
      objectReference: {fileID: 0}
    - target: {fileID: 8004806575691024525, guid: 78f24aa8b88f4ce4d8eff3aff7a65a72,
        type: 3}
      propertyPath: m_LocalRotation.w
      value: 1
      objectReference: {fileID: 0}
    - target: {fileID: 8004806575691024525, guid: 78f24aa8b88f4ce4d8eff3aff7a65a72,
        type: 3}
      propertyPath: m_RootOrder
      value: 0
      objectReference: {fileID: 0}
    - target: {fileID: 8004806575691024525, guid: 78f24aa8b88f4ce4d8eff3aff7a65a72,
        type: 3}
      propertyPath: m_LocalEulerAnglesHint.x
      value: 0
      objectReference: {fileID: 0}
    - target: {fileID: 8004806575691024525, guid: 78f24aa8b88f4ce4d8eff3aff7a65a72,
        type: 3}
      propertyPath: m_LocalEulerAnglesHint.y
      value: 0
      objectReference: {fileID: 0}
    - target: {fileID: 8004806575691024525, guid: 78f24aa8b88f4ce4d8eff3aff7a65a72,
        type: 3}
      propertyPath: m_LocalEulerAnglesHint.z
      value: 0
      objectReference: {fileID: 0}
    m_RemovedComponents: []
  m_SourcePrefab: {fileID: 100100000, guid: 78f24aa8b88f4ce4d8eff3aff7a65a72, type: 3}
--- !u!4 &4578214949554940091 stripped
Transform:
  m_CorrespondingSourceObject: {fileID: 8004806575691024525, guid: 78f24aa8b88f4ce4d8eff3aff7a65a72,
    type: 3}
  m_PrefabInstance: {fileID: 5809607330624217142}
  m_PrefabAsset: {fileID: 0}
