%YAML 1.1
%TAG !u! tag:unity3d.com,2011:
--- !u!1 &4709424172612369418
GameObject:
  m_ObjectHideFlags: 0
  m_CorrespondingSourceObject: {fileID: 0}
  m_PrefabInstance: {fileID: 0}
  m_PrefabAsset: {fileID: 0}
  serializedVersion: 6
  m_Component:
  - component: {fileID: 5145506056440385687}
  - component: {fileID: 3028790249871656331}
  - component: {fileID: 6487346308561256105}
  m_Layer: 8
  m_Name: Stars
  m_TagString: coinSet
  m_Icon: {fileID: 0}
  m_NavMeshLayer: 0
  m_StaticEditorFlags: 0
  m_IsActive: 1
--- !u!4 &5145506056440385687
Transform:
  m_ObjectHideFlags: 0
  m_CorrespondingSourceObject: {fileID: 0}
  m_PrefabInstance: {fileID: 0}
  m_PrefabAsset: {fileID: 0}
  m_GameObject: {fileID: 4709424172612369418}
  m_LocalRotation: {x: 0, y: 0, z: 0, w: 1}
  m_LocalPosition: {x: 0, y: 0, z: 0}
  m_LocalScale: {x: 1, y: 1, z: 1}
  m_Children:
  - {fileID: 498426646397997653}
  - {fileID: 4225972805231681539}
  - {fileID: 1770370783329992208}
  - {fileID: 5703337808691918523}
  - {fileID: 5776086956488377809}
  m_Father: {fileID: 0}
  m_RootOrder: 0
  m_LocalEulerAnglesHint: {x: 0, y: 0, z: 0}
--- !u!50 &3028790249871656331
Rigidbody2D:
  serializedVersion: 4
  m_ObjectHideFlags: 0
  m_CorrespondingSourceObject: {fileID: 0}
  m_PrefabInstance: {fileID: 0}
  m_PrefabAsset: {fileID: 0}
  m_GameObject: {fileID: 4709424172612369418}
  m_BodyType: 1
  m_Simulated: 1
  m_UseFullKinematicContacts: 1
  m_UseAutoMass: 0
  m_Mass: 1
  m_LinearDrag: 0
  m_AngularDrag: 0.05
  m_GravityScale: 1
  m_Material: {fileID: 0}
  m_Interpolate: 0
  m_SleepingMode: 1
  m_CollisionDetection: 0
  m_Constraints: 0
--- !u!61 &6487346308561256105
BoxCollider2D:
  m_ObjectHideFlags: 0
  m_CorrespondingSourceObject: {fileID: 0}
  m_PrefabInstance: {fileID: 0}
  m_PrefabAsset: {fileID: 0}
  m_GameObject: {fileID: 4709424172612369418}
  m_Enabled: 1
  m_Density: 1
  m_Material: {fileID: 0}
  m_IsTrigger: 0
  m_UsedByEffector: 0
  m_UsedByComposite: 0
  m_Offset: {x: 0, y: 0}
  m_SpriteTilingProperty:
    border: {x: 0, y: 0, z: 0, w: 0}
    pivot: {x: 0, y: 0}
    oldSize: {x: 0, y: 0}
    newSize: {x: 0, y: 0}
    adaptiveTilingThreshold: 0
    drawMode: 0
    adaptiveTiling: 0
  m_AutoTiling: 0
  serializedVersion: 2
  m_Size: {x: 1, y: 8.04}
  m_EdgeRadius: 0
--- !u!1001 &502804581769546751
PrefabInstance:
  m_ObjectHideFlags: 0
  serializedVersion: 2
  m_Modification:
    m_TransformParent: {fileID: 5145506056440385687}
    m_Modifications:
    - target: {fileID: 1660396657034966, guid: cbbb44868316150479ca87b2119b7828, type: 3}
      propertyPath: m_Name
      value: star
      objectReference: {fileID: 0}
    - target: {fileID: 1660396657034966, guid: cbbb44868316150479ca87b2119b7828, type: 3}
      propertyPath: m_Layer
      value: 8
      objectReference: {fileID: 0}
    - target: {fileID: 4669069734468010, guid: cbbb44868316150479ca87b2119b7828, type: 3}
      propertyPath: m_LocalPosition.x
      value: 0
      objectReference: {fileID: 0}
    - target: {fileID: 4669069734468010, guid: cbbb44868316150479ca87b2119b7828, type: 3}
      propertyPath: m_LocalPosition.y
      value: 0
      objectReference: {fileID: 0}
    - target: {fileID: 4669069734468010, guid: cbbb44868316150479ca87b2119b7828, type: 3}
      propertyPath: m_LocalPosition.z
      value: 0
      objectReference: {fileID: 0}
    - target: {fileID: 4669069734468010, guid: cbbb44868316150479ca87b2119b7828, type: 3}
      propertyPath: m_LocalRotation.x
      value: -0
      objectReference: {fileID: 0}
    - target: {fileID: 4669069734468010, guid: cbbb44868316150479ca87b2119b7828, type: 3}
      propertyPath: m_LocalRotation.y
      value: -0
      objectReference: {fileID: 0}
    - target: {fileID: 4669069734468010, guid: cbbb44868316150479ca87b2119b7828, type: 3}
      propertyPath: m_LocalRotation.z
      value: -0
      objectReference: {fileID: 0}
    - target: {fileID: 4669069734468010, guid: cbbb44868316150479ca87b2119b7828, type: 3}
      propertyPath: m_LocalRotation.w
      value: 1
      objectReference: {fileID: 0}
    - target: {fileID: 4669069734468010, guid: cbbb44868316150479ca87b2119b7828, type: 3}
      propertyPath: m_RootOrder
      value: 0
      objectReference: {fileID: 0}
    - target: {fileID: 4669069734468010, guid: cbbb44868316150479ca87b2119b7828, type: 3}
      propertyPath: m_LocalEulerAnglesHint.x
      value: 0
      objectReference: {fileID: 0}
    - target: {fileID: 4669069734468010, guid: cbbb44868316150479ca87b2119b7828, type: 3}
      propertyPath: m_LocalEulerAnglesHint.y
      value: 0
      objectReference: {fileID: 0}
    - target: {fileID: 4669069734468010, guid: cbbb44868316150479ca87b2119b7828, type: 3}
      propertyPath: m_LocalEulerAnglesHint.z
      value: 0
      objectReference: {fileID: 0}
    - target: {fileID: 212738316570716286, guid: cbbb44868316150479ca87b2119b7828,
        type: 3}
      propertyPath: m_Sprite
      value: 
      objectReference: {fileID: 21300000, guid: 520b36722cc7ec640a824638434cea30,
        type: 3}
    - target: {fileID: 212738316570716286, guid: cbbb44868316150479ca87b2119b7828,
        type: 3}
      propertyPath: m_Size.x
      value: 5
      objectReference: {fileID: 0}
    - target: {fileID: 212738316570716286, guid: cbbb44868316150479ca87b2119b7828,
        type: 3}
      propertyPath: m_Size.y
      value: 5
      objectReference: {fileID: 0}
    - target: {fileID: 212738316570716286, guid: cbbb44868316150479ca87b2119b7828,
        type: 3}
      propertyPath: m_WasSpriteAssigned
      value: 1
      objectReference: {fileID: 0}
    - target: {fileID: 4435836893680785062, guid: cbbb44868316150479ca87b2119b7828,
        type: 3}
      propertyPath: m_Layer
      value: 8
      objectReference: {fileID: 0}
    - target: {fileID: 9174459444079722169, guid: cbbb44868316150479ca87b2119b7828,
        type: 3}
      propertyPath: m_SpriteTilingProperty.newSize.x
      value: 5
      objectReference: {fileID: 0}
    - target: {fileID: 9174459444079722169, guid: cbbb44868316150479ca87b2119b7828,
        type: 3}
      propertyPath: m_SpriteTilingProperty.newSize.y
      value: 5
      objectReference: {fileID: 0}
    m_RemovedComponents: []
  m_SourcePrefab: {fileID: 100100000, guid: cbbb44868316150479ca87b2119b7828, type: 3}
--- !u!4 &498426646397997653 stripped
Transform:
  m_CorrespondingSourceObject: {fileID: 4669069734468010, guid: cbbb44868316150479ca87b2119b7828,
    type: 3}
  m_PrefabInstance: {fileID: 502804581769546751}
  m_PrefabAsset: {fileID: 0}
--- !u!1001 &1765702040109541306
PrefabInstance:
  m_ObjectHideFlags: 0
  serializedVersion: 2
  m_Modification:
    m_TransformParent: {fileID: 5145506056440385687}
    m_Modifications:
    - target: {fileID: 1660396657034966, guid: cbbb44868316150479ca87b2119b7828, type: 3}
      propertyPath: m_Name
      value: star (2)
      objectReference: {fileID: 0}
    - target: {fileID: 1660396657034966, guid: cbbb44868316150479ca87b2119b7828, type: 3}
      propertyPath: m_Layer
      value: 8
      objectReference: {fileID: 0}
    - target: {fileID: 4669069734468010, guid: cbbb44868316150479ca87b2119b7828, type: 3}
      propertyPath: m_LocalPosition.x
      value: 0
      objectReference: {fileID: 0}
    - target: {fileID: 4669069734468010, guid: cbbb44868316150479ca87b2119b7828, type: 3}
      propertyPath: m_LocalPosition.y
      value: 3
      objectReference: {fileID: 0}
    - target: {fileID: 4669069734468010, guid: cbbb44868316150479ca87b2119b7828, type: 3}
      propertyPath: m_LocalPosition.z
      value: 0
      objectReference: {fileID: 0}
    - target: {fileID: 4669069734468010, guid: cbbb44868316150479ca87b2119b7828, type: 3}
      propertyPath: m_LocalRotation.x
      value: -0
      objectReference: {fileID: 0}
    - target: {fileID: 4669069734468010, guid: cbbb44868316150479ca87b2119b7828, type: 3}
      propertyPath: m_LocalRotation.y
      value: -0
      objectReference: {fileID: 0}
    - target: {fileID: 4669069734468010, guid: cbbb44868316150479ca87b2119b7828, type: 3}
      propertyPath: m_LocalRotation.z
      value: -0
      objectReference: {fileID: 0}
    - target: {fileID: 4669069734468010, guid: cbbb44868316150479ca87b2119b7828, type: 3}
      propertyPath: m_LocalRotation.w
      value: 1
      objectReference: {fileID: 0}
    - target: {fileID: 4669069734468010, guid: cbbb44868316150479ca87b2119b7828, type: 3}
      propertyPath: m_RootOrder
      value: 2
      objectReference: {fileID: 0}
    - target: {fileID: 4669069734468010, guid: cbbb44868316150479ca87b2119b7828, type: 3}
      propertyPath: m_LocalEulerAnglesHint.x
      value: 0
      objectReference: {fileID: 0}
    - target: {fileID: 4669069734468010, guid: cbbb44868316150479ca87b2119b7828, type: 3}
      propertyPath: m_LocalEulerAnglesHint.y
      value: 0
      objectReference: {fileID: 0}
    - target: {fileID: 4669069734468010, guid: cbbb44868316150479ca87b2119b7828, type: 3}
      propertyPath: m_LocalEulerAnglesHint.z
      value: 0
      objectReference: {fileID: 0}
    - target: {fileID: 4435836893680785062, guid: cbbb44868316150479ca87b2119b7828,
        type: 3}
      propertyPath: m_Layer
      value: 8
      objectReference: {fileID: 0}
    m_RemovedComponents: []
  m_SourcePrefab: {fileID: 100100000, guid: cbbb44868316150479ca87b2119b7828, type: 3}
--- !u!4 &1770370783329992208 stripped
Transform:
  m_CorrespondingSourceObject: {fileID: 4669069734468010, guid: cbbb44868316150479ca87b2119b7828,
    type: 3}
  m_PrefabInstance: {fileID: 1765702040109541306}
  m_PrefabAsset: {fileID: 0}
--- !u!1001 &4230355177233709481
PrefabInstance:
  m_ObjectHideFlags: 0
  serializedVersion: 2
  m_Modification:
    m_TransformParent: {fileID: 5145506056440385687}
    m_Modifications:
    - target: {fileID: 1660396657034966, guid: cbbb44868316150479ca87b2119b7828, type: 3}
      propertyPath: m_Name
      value: star (1)
      objectReference: {fileID: 0}
    - target: {fileID: 1660396657034966, guid: cbbb44868316150479ca87b2119b7828, type: 3}
      propertyPath: m_Layer
      value: 8
      objectReference: {fileID: 0}
    - target: {fileID: 4669069734468010, guid: cbbb44868316150479ca87b2119b7828, type: 3}
      propertyPath: m_LocalPosition.x
      value: 0
      objectReference: {fileID: 0}
    - target: {fileID: 4669069734468010, guid: cbbb44868316150479ca87b2119b7828, type: 3}
      propertyPath: m_LocalPosition.y
      value: 1.5
      objectReference: {fileID: 0}
    - target: {fileID: 4669069734468010, guid: cbbb44868316150479ca87b2119b7828, type: 3}
      propertyPath: m_LocalPosition.z
      value: 0
      objectReference: {fileID: 0}
    - target: {fileID: 4669069734468010, guid: cbbb44868316150479ca87b2119b7828, type: 3}
      propertyPath: m_LocalRotation.x
      value: -0
      objectReference: {fileID: 0}
    - target: {fileID: 4669069734468010, guid: cbbb44868316150479ca87b2119b7828, type: 3}
      propertyPath: m_LocalRotation.y
      value: -0
      objectReference: {fileID: 0}
    - target: {fileID: 4669069734468010, guid: cbbb44868316150479ca87b2119b7828, type: 3}
      propertyPath: m_LocalRotation.z
      value: -0
      objectReference: {fileID: 0}
    - target: {fileID: 4669069734468010, guid: cbbb44868316150479ca87b2119b7828, type: 3}
      propertyPath: m_LocalRotation.w
      value: 1
      objectReference: {fileID: 0}
    - target: {fileID: 4669069734468010, guid: cbbb44868316150479ca87b2119b7828, type: 3}
      propertyPath: m_RootOrder
      value: 1
      objectReference: {fileID: 0}
    - target: {fileID: 4669069734468010, guid: cbbb44868316150479ca87b2119b7828, type: 3}
      propertyPath: m_LocalEulerAnglesHint.x
      value: 0
      objectReference: {fileID: 0}
    - target: {fileID: 4669069734468010, guid: cbbb44868316150479ca87b2119b7828, type: 3}
      propertyPath: m_LocalEulerAnglesHint.y
      value: 0
      objectReference: {fileID: 0}
    - target: {fileID: 4669069734468010, guid: cbbb44868316150479ca87b2119b7828, type: 3}
      propertyPath: m_LocalEulerAnglesHint.z
      value: 0
      objectReference: {fileID: 0}
    - target: {fileID: 4435836893680785062, guid: cbbb44868316150479ca87b2119b7828,
        type: 3}
      propertyPath: m_Layer
      value: 8
      objectReference: {fileID: 0}
    m_RemovedComponents: []
  m_SourcePrefab: {fileID: 100100000, guid: cbbb44868316150479ca87b2119b7828, type: 3}
--- !u!4 &4225972805231681539 stripped
Transform:
  m_CorrespondingSourceObject: {fileID: 4669069734468010, guid: cbbb44868316150479ca87b2119b7828,
    type: 3}
  m_PrefabInstance: {fileID: 4230355177233709481}
  m_PrefabAsset: {fileID: 0}
--- !u!1001 &5707967257348845329
PrefabInstance:
  m_ObjectHideFlags: 0
  serializedVersion: 2
  m_Modification:
    m_TransformParent: {fileID: 5145506056440385687}
    m_Modifications:
    - target: {fileID: 1660396657034966, guid: cbbb44868316150479ca87b2119b7828, type: 3}
      propertyPath: m_Name
      value: star (4)
      objectReference: {fileID: 0}
    - target: {fileID: 1660396657034966, guid: cbbb44868316150479ca87b2119b7828, type: 3}
      propertyPath: m_Layer
      value: 8
      objectReference: {fileID: 0}
    - target: {fileID: 4669069734468010, guid: cbbb44868316150479ca87b2119b7828, type: 3}
      propertyPath: m_LocalPosition.x
      value: 0
      objectReference: {fileID: 0}
    - target: {fileID: 4669069734468010, guid: cbbb44868316150479ca87b2119b7828, type: 3}
      propertyPath: m_LocalPosition.y
      value: -1.5
      objectReference: {fileID: 0}
    - target: {fileID: 4669069734468010, guid: cbbb44868316150479ca87b2119b7828, type: 3}
      propertyPath: m_LocalPosition.z
      value: 0
      objectReference: {fileID: 0}
    - target: {fileID: 4669069734468010, guid: cbbb44868316150479ca87b2119b7828, type: 3}
      propertyPath: m_LocalRotation.x
      value: -0
      objectReference: {fileID: 0}
    - target: {fileID: 4669069734468010, guid: cbbb44868316150479ca87b2119b7828, type: 3}
      propertyPath: m_LocalRotation.y
      value: -0
      objectReference: {fileID: 0}
    - target: {fileID: 4669069734468010, guid: cbbb44868316150479ca87b2119b7828, type: 3}
      propertyPath: m_LocalRotation.z
      value: -0
      objectReference: {fileID: 0}
    - target: {fileID: 4669069734468010, guid: cbbb44868316150479ca87b2119b7828, type: 3}
      propertyPath: m_LocalRotation.w
      value: 1
      objectReference: {fileID: 0}
    - target: {fileID: 4669069734468010, guid: cbbb44868316150479ca87b2119b7828, type: 3}
      propertyPath: m_RootOrder
      value: 3
      objectReference: {fileID: 0}
    - target: {fileID: 4669069734468010, guid: cbbb44868316150479ca87b2119b7828, type: 3}
      propertyPath: m_LocalEulerAnglesHint.x
      value: 0
      objectReference: {fileID: 0}
    - target: {fileID: 4669069734468010, guid: cbbb44868316150479ca87b2119b7828, type: 3}
      propertyPath: m_LocalEulerAnglesHint.y
      value: 0
      objectReference: {fileID: 0}
    - target: {fileID: 4669069734468010, guid: cbbb44868316150479ca87b2119b7828, type: 3}
      propertyPath: m_LocalEulerAnglesHint.z
      value: 0
      objectReference: {fileID: 0}
    - target: {fileID: 4435836893680785062, guid: cbbb44868316150479ca87b2119b7828,
        type: 3}
      propertyPath: m_Layer
      value: 8
      objectReference: {fileID: 0}
    m_RemovedComponents: []
  m_SourcePrefab: {fileID: 100100000, guid: cbbb44868316150479ca87b2119b7828, type: 3}
--- !u!4 &5703337808691918523 stripped
Transform:
  m_CorrespondingSourceObject: {fileID: 4669069734468010, guid: cbbb44868316150479ca87b2119b7828,
    type: 3}
  m_PrefabInstance: {fileID: 5707967257348845329}
  m_PrefabAsset: {fileID: 0}
--- !u!1001 &5780473498970725499
PrefabInstance:
  m_ObjectHideFlags: 0
  serializedVersion: 2
  m_Modification:
    m_TransformParent: {fileID: 5145506056440385687}
    m_Modifications:
    - target: {fileID: 1660396657034966, guid: cbbb44868316150479ca87b2119b7828, type: 3}
      propertyPath: m_Name
      value: star (5)
      objectReference: {fileID: 0}
    - target: {fileID: 1660396657034966, guid: cbbb44868316150479ca87b2119b7828, type: 3}
      propertyPath: m_Layer
      value: 8
      objectReference: {fileID: 0}
    - target: {fileID: 4669069734468010, guid: cbbb44868316150479ca87b2119b7828, type: 3}
      propertyPath: m_LocalPosition.x
      value: 0
      objectReference: {fileID: 0}
    - target: {fileID: 4669069734468010, guid: cbbb44868316150479ca87b2119b7828, type: 3}
      propertyPath: m_LocalPosition.y
      value: -3
      objectReference: {fileID: 0}
    - target: {fileID: 4669069734468010, guid: cbbb44868316150479ca87b2119b7828, type: 3}
      propertyPath: m_LocalPosition.z
      value: 0
      objectReference: {fileID: 0}
    - target: {fileID: 4669069734468010, guid: cbbb44868316150479ca87b2119b7828, type: 3}
      propertyPath: m_LocalRotation.x
      value: -0
      objectReference: {fileID: 0}
    - target: {fileID: 4669069734468010, guid: cbbb44868316150479ca87b2119b7828, type: 3}
      propertyPath: m_LocalRotation.y
      value: -0
      objectReference: {fileID: 0}
    - target: {fileID: 4669069734468010, guid: cbbb44868316150479ca87b2119b7828, type: 3}
      propertyPath: m_LocalRotation.z
      value: -0
      objectReference: {fileID: 0}
    - target: {fileID: 4669069734468010, guid: cbbb44868316150479ca87b2119b7828, type: 3}
      propertyPath: m_LocalRotation.w
      value: 1
      objectReference: {fileID: 0}
    - target: {fileID: 4669069734468010, guid: cbbb44868316150479ca87b2119b7828, type: 3}
      propertyPath: m_RootOrder
      value: 4
      objectReference: {fileID: 0}
    - target: {fileID: 4669069734468010, guid: cbbb44868316150479ca87b2119b7828, type: 3}
      propertyPath: m_LocalEulerAnglesHint.x
      value: 0
      objectReference: {fileID: 0}
    - target: {fileID: 4669069734468010, guid: cbbb44868316150479ca87b2119b7828, type: 3}
      propertyPath: m_LocalEulerAnglesHint.y
      value: 0
      objectReference: {fileID: 0}
    - target: {fileID: 4669069734468010, guid: cbbb44868316150479ca87b2119b7828, type: 3}
      propertyPath: m_LocalEulerAnglesHint.z
      value: 0
      objectReference: {fileID: 0}
    - target: {fileID: 4435836893680785062, guid: cbbb44868316150479ca87b2119b7828,
        type: 3}
      propertyPath: m_Layer
      value: 8
      objectReference: {fileID: 0}
    m_RemovedComponents: []
  m_SourcePrefab: {fileID: 100100000, guid: cbbb44868316150479ca87b2119b7828, type: 3}
--- !u!4 &5776086956488377809 stripped
Transform:
  m_CorrespondingSourceObject: {fileID: 4669069734468010, guid: cbbb44868316150479ca87b2119b7828,
    type: 3}
  m_PrefabInstance: {fileID: 5780473498970725499}
  m_PrefabAsset: {fileID: 0}
